
@article{demaesschalck2000,
	title = {The Mahalanobis distance},
	author = {De Maesschalck, R. and Jouan-Rimbaud, D. and Massart, D.L.},
	year = {2000},
	month = {01},
	date = {2000-01},
	journal = {Chemometrics and Intelligent Laboratory Systems},
	pages = {1--18},
	volume = {50},
	number = {1},
	doi = {10.1016/s0169-7439(99)00047-7},
	url = {http://dx.doi.org/10.1016/S0169-7439(99)00047-7},
	langid = {en}
}

@article{filzmoser2016,
	title = {Identification of Multivariate Outliers: A Performance Study},
	author = {Filzmoser, Peter},
	year = {2016},
	month = {04},
	date = {2016-04-03},
	journal = {Austrian Journal of Statistics},
	volume = {34},
	number = {2},
	doi = {10.17713/ajs.v34i2.406},
	url = {http://dx.doi.org/10.17713/ajs.v34i2.406}
}
