@article{jimenez2023dimensionality,
  title={Dimensionality assessment in bifactor structures with multiple general factors: A network psychometrics approach.},
  author={Jim{\'e}nez, Marcos and Abad, Francisco J and Garcia-Garzon, Eduardo and Golino, Hudson and Christensen, Alexander P and Garrido, Luis Eduardo},
  journal={Psychological methods},
  year={2023},
  publisher={American Psychological Association}
}

@article{christensen2021equivalency,
  title={On the equivalency of factor and network loadings},
  author={Christensen, Alexander P and Golino, Hudson},
  journal={Behavior research methods},
  volume={53},
  number={4},
  pages={1563--1580},
  year={2021},
  publisher={Springer}
}

@article{golino2020investigating,
  title     = {Investigating the performance of exploratory graph analysis and traditional techniques to identify the number of latent factors: A simulation and tutorial.},
  author    = {Golino, Hudson and Shi, Dingjing and Christensen, Alexander P and Garrido, Luis Eduardo and Nieto, Maria Dolores and Sadana, Ritu and Thiyagarajan, Jotheeswaran Amuthavalli and Martinez-Molina, Agustin},
  journal   = {Psychological methods},
  volume    = {25},
  number    = {3},
  pages     = {292},
  year      = {2020},
  publisher = {American Psychological Association}
}


@article{christensen2023unique,
  title     = {Unique variable analysis: A network psychometrics method to detect local dependence},
  author    = {Christensen, Alexander P and Garrido, Luis Eduardo and Golino, Hudson},
  journal   = {Multivariate Behavioral Research},
  volume    = {58},
  number    = {6},
  pages     = {1165--1182},
  year      = {2023},
  publisher = {Taylor \& Francis}
}


@article{golino2017exploratory,
  title     = {Exploratory graph analysis: A new approach for estimating the number of dimensions in psychological research},
  author    = {Golino, Hudson F and Epskamp, Sacha},
  journal   = {PloS one},
  volume    = {12},
  number    = {6},
  pages     = {e0174035},
  year      = {2017},
  publisher = {Public Library of Science San Francisco, CA USA}
}


@article{theriault2024check,
  title     = {Check your outliers! An introduction to identifying statistical outliers in R with easystats},
  author    = {Th{\'e}riault, R{\'e}mi and Ben-Shachar, Mattan S and Patil, Indrajeet and L{\"u}decke, Daniel and Wiernik, Brenton M and Makowski, Dominique},
  journal   = {Behavior Research Methods},
  volume    = {56},
  number    = {4},
  pages     = {4162--4172},
  year      = {2024},
  publisher = {Springer}
}

@article{de2015jspsych,
  title     = {jsPsych: A JavaScript library for creating behavioral experiments in a Web browser},
  author    = {De Leeuw, Joshua R},
  journal   = {Behavior research methods},
  volume    = {47},
  pages     = {1--12},
  year      = {2015},
  publisher = {Springer}
}

@article{indahl2018similarity,
  title     = {A similarity index for comparing coupled matrices},
  author    = {Indahl, Ulf G and N{\ae}s, Tormod and Liland, Kristian Hovde},
  journal   = {Journal of Chemometrics},
  volume    = {32},
  number    = {10},
  pages     = {e3049},
  year      = {2018},
  publisher = {Wiley Online Library}
}

@article{mayer2011exploratory,
  title   = {Exploratory analysis of multiple omics datasets using the adjusted RV coefficient.},
  author  = {Mayer, Claus-Dieter and Lorent, Julie and Horgan, Graham W},
  journal = {Statistical Applications in Genetics \& Molecular Biology},
  volume  = {10},
  number  = {1},
  year    = {2011}
}

@article{sibson1978studies,
  title     = {Studies in the robustness of multidimensional scaling: Procrustes statistics},
  author    = {Sibson, Robin},
  journal   = {Journal of the Royal Statistical Society: Series B (Methodological)},
  volume    = {40},
  number    = {2},
  pages     = {234--238},
  year      = {1978},
  publisher = {Wiley Online Library}
}